@book{Dally03,
  author = {Dally, William and Towles, Brian},
  title = {Principles and Practices of Interconnection Networks},
  year = {2003},
  publisher = {Morgan Kaufmann Publishers Inc.},
  address = {San Francisco, CA, USA},
  isbn = {0122007514},
}

